<?xml version="1.0" encoding="UTF-8"?><collection xmlns="http://www.loc.gov/MARC21/slim"><record><leader>00367nam--2200121-i-4500</leader><controlfield tag="001">000028516</controlfield><controlfield tag="002">20161230</controlfield><controlfield tag="005">20161230201037</controlfield><controlfield tag="008">060222s1000------------r-----000-0-eng-d</controlfield><datafield ind1=" " ind2=" " tag="100"><subfield code="a">Langenhop, Carl E. And Mathews, Jerold C</subfield></datafield><datafield ind1=" " ind2=" " tag="245"><subfield code="a">Discrete and continous methods in applied mathematics</subfield></datafield><datafield ind1=" " ind2=" " tag="260"><subfield code="a">New York, John Wiley &amp; Sons, Inc., 1966, Xiii + 525p</subfield></datafield><datafield ind1=" " ind2=" " tag="852"><subfield code="a">27458</subfield></datafield></record></collection>